@booklet{temasdesimulacion,
  author = {García Garrido, Luciano and Martí Orosa, Luis and Pérez Sánchez, Luis},
  title  = {Temas de simulación}
}

@misc{noauthor_simulacion_nodate,
  title   = {Simulación de {Sistemas} – {Simulación} de {Sistemas}},
  url     = {https://simulacionutp2016.wordpress.com/2016/09/16/simulacion-de-sistemas/},
  urldate = {2022-11-20}
}

@article{segovia2009simulacion,
  title   = {Simulaci{\'o}n de sistemas para la optimizaci{\'o}n del almacenamiento y despacho de los productos de gas natural},
  author  = {Segovia-Castro, Rafael},
  journal = {Ingenier{\'\i}a Industrial},
  number  = {027},
  pages   = {81--98},
  year    = {2009}
}

@misc{shannon1975simulacion,
  title     = {La simulaci{\'o}n de los sistemas: el arte y ciencia},
  author    = {Shannon, Robert E},
  year      = {1975},
  publisher = {Englewood Cliffs, NJ: Prentice-Hall}
}


@misc{darling_deterministic_nodate,
  title    = {deterministic system},
  url      = {http://www.daviddarling.info/encyclopedia/D/deterministic_system.html},
  abstract = {A deterministic system is a system in which the later states of the system follow from, or are determined by, the earlier ones.},
  urldate  = {2022-11-21},
  author   = {Darling, David}
}


@misc{noauthor_modelado_nodate,
  title    = {Modelado {Computacional}},
  url      = {https://www.nibib.nih.gov/espanol/temas-cientificos/modelado-computacional},
  abstract = {Esta hoja informativa explica el modelado computacional y cómo la investigación está mejorando esta tecnología de imágenes médicas.},
  language = {en},
  urldate  = {2022-11-21},
  journal  = {National Institute of Biomedical Imaging and Bioengineering}
}


@article{echenique1970models,
  title     = {Models: A discussion},
  author    = {Echenique, Marcial},
  journal   = {Architectural Research and Teaching},
  pages     = {25--30},
  year      = {1970},
  publisher = {JSTOR}
}

@article{hughes1997models,
  title     = {Models and representation},
  author    = {Hughes, Richard IG},
  journal   = {Philosophy of science},
  volume    = {64},
  number    = {S4},
  pages     = {S325--S336},
  year      = {1997},
  publisher = {Cambridge University Press}
}

@article{izquierdo2008modelado,
  title     = {Modelado de sistemas complejos mediante simulaci{\'o}n basada en agentes y mediante din{\'a}mica de sistemas},
  author    = {Izquierdo, Luis R and Gal{\'a}n, Jos{\'e} M and Santos, Jos{\'e} I and Del Olmo, Ricardo},
  journal   = {EMPIRIA. Revista de Metodolog{\'\i}a de las Ciencias Sociales},
  number    = {16},
  pages     = {85--112},
  year      = {2008},
  publisher = {Universidad Nacional de Educaci{\'o}n a Distancia}
}

@article{vicsek2002complexity,
  title     = {Complexity: The bigger picture},
  author    = {Vicsek, Tamas},
  journal   = {Nature},
  volume    = {418},
  number    = {6894},
  pages     = {131--131},
  year      = {2002},
  publisher = {Nature Publishing Group}
}

@article{gilbert2004agent,
  title   = {Agent-based social simulation: dealing with complexity},
  author  = {Gilbert, Nigel},
  journal = {The Complex Systems Network of Excellence},
  volume  = {9},
  number  = {25},
  pages   = {1--14},
  year    = {2004}
}

@book{garcia2016simulacion,
  title     = {Simulaci{\'o}n basada en agentes. Introducci{\'o}n a Netlogo},
  author    = {Garc{\'\i}a-Valdecasas, Jos{\'e} Ignacio},
  volume    = {53},
  year      = {2016},
  publisher = {CIS-Centro de Investigaciones Sociol{\'o}gicas}
}

@article{torsun1995foundations,
  title     = {Foundations of intelligent knowledge-based systems},
  author    = {Torsun, Imad S},
  year      = {1995},
  publisher = {Academic press}
}

@book{russell2004inteligencia,
  title  = {Inteligencia Artificial: un enfoque moderno},
  author = {Russell, Stuart J and Norvig, Peter},
  number = {04; Q335, R8y 2004.},
  year   = {2004}
}

@book{aracil1997dinamica,
  title     = {Din{\'a}mica de sistemas},
  author    = {Aracil, Javier and Gordillo, Francisco},
  year      = {1997},
  publisher = {Alianza editorial Madrid}
}

@article{ford1997system,
  title     = {System dynamics and the electric power industry},
  author    = {Ford, Andrew},
  journal   = {System Dynamics Review: The Journal of the System Dynamics Society},
  volume    = {13},
  number    = {1},
  pages     = {57--85},
  year      = {1997},
  publisher = {Wiley Online Library}
}

@article{ford1998dynamic,
  title     = {Dynamic modeling of product development processes},
  author    = {Ford, David N and Sterman, John D},
  journal   = {System Dynamics Review: The Journal of the System Dynamics Society},
  volume    = {14},
  number    = {1},
  pages     = {31--68},
  year      = {1998},
  publisher = {Wiley Online Library}
}

@article{bayer2004sterman,
  title     = {Sterman, John. 2000. Business Dynamics: Systems Thinking and Modeling for a Complex World},
  author    = {Bayer, Steffen},
  journal   = {Interfaces},
  volume    = {34},
  number    = {4},
  pages     = {324--327},
  year      = {2004},
  publisher = {Institute for Operations Research and the Management Sciences}
}

@article{ellis2007impacto,
  title     = {El impacto del comercio con China en las econom{\'\i}as y sociedades de Am{\'e}rica Latina},
  author    = {Ellis, Robert Evan},
  journal   = {Revista de din{\'a}mica de sistemas},
  volume    = {3},
  number    = {2},
  pages     = {85--116},
  year      = {2007},
  publisher = {Facultad de Ciencias Empresariales}
}

@article{granmaEMFord,
  author       = {Ruis, E M },
  title        = {Aliados de la agricultura},
  journaltitle = {Periódico Granma Internacional},
  year         = {2005},
  number       = {279}
}


@article{hernandez2009modelos,
  title     = {Modelos de simulaci{\'o}n de cultivos: Caracter{\'\i}sticas y usos},
  author    = {Hern{\'a}ndez, Naivy and Soto, F and Caballero, A},
  journal   = {Cultivos Tropicales},
  volume    = {30},
  number    = {1},
  pages     = {00--00},
  year      = {2009},
  publisher = {Ediciones INCA},
  url       = {https://www.redalyc.org/articulo.oa?id=193217899013 },
  language  = {Español},
  keywords  = { Simulation models; crops.; Modelos de simulación; cultivos. }
}

@misc{guevara2007simulacion,
  title  = {La simulaci{\'o}n del desarrollo, crecimiento y rendimiento en ma{\'\i}z.[Consultado: 08/10/07]},
  author = {Guevara, E},
  year   = {2007}
}

@article{holmann2002uso,
  title   = {El uso de modelos de simulaci{\'o}n como herramienta para la toma de decisiones en la promoci{\'o}n de nuevas alternativas forrajeras: El caso de Costa Rica y Per{\'u}= Using simulation models as a tool for promoting improved forages alternatives in Costa Rica and Peru},
  author  = {Holmann, Federico J},
  journal = {Archivos Latinoamericanos de producci{\'o}n animal},
  year    = {2002}
}

@incollection{barrett2018humanization,
  title     = {Humanization of decision support using information from simulations},
  author    = {Barrett, John R and Nearing, Mark A},
  booktitle = {Agricultural Systems modeting and Simulation},
  pages     = {1--17},
  year      = {2018},
  publisher = {CRC Press}
}

@article{galvez2008modelacion,
  title   = {Modelaci{\'o}n del crecimiento de las plantas. Modelaci{\'o}n de cultivos agr{\'\i}colas},
  author  = {G{\'a}lvez, G},
  journal = {Seminario de modelaci{\'o}n de cultivos.(1: 2008 mar. 13-14)},
  year    = {2008}
}

@article{refugio2004modelos,
  title   = {Modelos emp{\'\i}ricos del crecimiento y rendimiento de tomate podado a tres racimos},
  author  = {Refugio-Villegas, Jos{\'e} and Gonz{\'a}lez-Hern{\'a}ndez, V{\'\i}ctor Arturo and Carrillo-Salazar, Jos{\'e} Alfredo and Livera-Mu{\~n}oz, Manuel and S{\'a}nchez-del Castillo, Felipe and Osuna-Enciso, Tom{\'a}s},
  journal = {Revista fitotecnia mexicana},
  volume  = {27},
  number  = {Especial\_1},
  pages   = {63--63},
  year    = {2004}
}

@article{vargas2004modelo,
  title     = {Modelo para la estimaci{\'o}n de tres par{\'a}metros ruminales biol{\'o}gicos},
  author    = {Vargas-Villamil, Luis and Ku-Vera, Juan and Vargas-Villamil, Felipe and Medina-Peralta, Salvador},
  journal   = {Interciencia},
  volume    = {29},
  number    = {6},
  pages     = {296--302},
  year      = {2004},
  publisher = {Asociaci{\'o}n Interciencia}
}

@article{bandi2003instrumentos,
  title   = {Instrumentos para el monitoreo del impacto ambiental sobre la producci{\'o}n agr{\'\i}cola. Modelos para cultivos},
  author  = {BANDI, M},
  journal = {Agronomiche, Scienze Universit{\`a}, Agroforestale. pp},
  pages   = {1--13},
  year    = {2003}
}

@article{rodriguez2018aplicaciones,
  title     = {Aplicaciones de la modelaci{\'o}n matem{\'a}tica y la simulaci{\'o}n de cultivos agr{\'\i}colas en Cuba},
  author    = {Rodr{\'\i}guez-Gonz{\'a}lez, Osmel and Florido-Bacallao, Ren{\'e} and Varela-Nualles, Mario},
  journal   = {Cultivos Tropicales},
  volume    = {39},
  number    = {1},
  pages     = {121--126},
  year      = {2018},
  publisher = {Ediciones INCA}
}

@article{fernandez2003biomodelos,
  title     = {Los biomodelos y su impacto en la educaci{\'o}n superior agropecuaria},
  author    = {Fern{\'a}ndez, Luc{\'\i}a and Walkiria, Caridad and Sab{\'\i}n, Yolanda},
  journal   = {Acta Latinoamericana de Matem{\'a}tica Educativa},
  volume    = {16},
  number    = {1},
  pages     = {184--190},
  year      = {2003},
  publisher = {Comite Latinoamericano de Matem{\'a}tica Educativa}
}

@article{guerra2003criterios,
  title     = {Criterios para la selecci{\'o}n de modelos estad{\'\i}sticos en la investigaci{\'o}n cient{\'\i}fica},
  author    = {Guerra, Caridad W and Cabrera, A and Fern{\'a}ndez, Luc{\'\i}a},
  journal   = {Revista Cubana de Ciencia Agr{\'\i}cola},
  volume    = {37},
  number    = {1},
  pages     = {3--10},
  year      = {2003},
  publisher = {Instituto de Ciencia Animal}
}

@article{soto1986crecimiento,
  title   = {Crecimiento de posturas de cafetos en viveros m{\'o}viles bajo sombra controlada, 1: Ajuste a diferentes funciones matem{\'a}ticas},
  author  = {Soto, F},
  journal = {Cultivos Tropicales (Cuba) v. 8 (4) p. 83-90},
  year    = {1986}
}

@article{soto1991dlnamlca,
  title   = {DlNAMlCA DEL CRECIMIENTO DE PLANTULAS DE CAFETO BAJO DIFERENTES CONDICIONES},
  author  = {Soto, E},
  journal = {Cultivos Tropicales},
  volume  = {12},
  number  = {1},
  year    = {1991}
}

@article{martin2016comparacion,
  title     = {Comparaci{\'o}n de dos modelos de respuesta a dosis de nitr{\'o}geno en ma{\'\i}z y cafeto},
  author    = {Mart{\'\i}n Alonso, Gloria M and P{\'e}rez D{\'\i}az, Alberto and Rivera Espinosa, Ram{\'o}n and Bustamante Gonz{\'a}lez, Carlos and Vi{\~n}als N{\'u}{\~n}ez, Rolando and Varela Nualles, Mario},
  journal   = {Cultivos Tropicales},
  volume    = {37},
  number    = {2},
  pages     = {155--164},
  year      = {2016},
  publisher = {Ediciones INCA}
}

@article{hernandez2016utilizacion,
  title     = {Utilizaci{\'o}n de un modelo de simulaci{\'o}n para la predicci{\'o}n del comportamiento de algunos cereales en las condiciones de Cuba},
  author    = {Hern{\'a}ndez C{\'o}rdova, Naivy and Soto Carre{\~n}o, Francisco and Florido Bacallao, Ren{\'e} and Plana Llerena, Rodolfo and Caballero N{\'u}{\~n}ez, Alberto and Maqueira L{\'o}pez, L{\'a}zaro A and Cid Lazo, Greco and L{\'o}pez Ceijas, Teresa and Chaterlan Durruty, Yoima and Garc{\'\i}a L{\'o}pez, Aymara and others},
  journal   = {Cultivos Tropicales},
  volume    = {37},
  number    = {1},
  pages     = {78--84},
  year      = {2016},
  publisher = {Ediciones INCA}
}

@phdthesis{ruiz1997utilizacion,
  title  = {Utilizaci{\'o}n del modelo SWACROP en la simulaci{\'o}n del uso del agua y el rendimiento de la papa (Solanum tuberosum Lcv Desiree) en suelos Ferral{\'\i}ticos Rojos},
  author = {Ruiz, ME},
  year   = {1997},
  school = {Tesis doctoral, UNAH, Cuba}
}

@techreport{lopez20143,
  title  = {3.4 Los modelos de simulaci{\'o}n como herramienta eficaz en los estudios del manejo {\'o}ptimo del agua y la fertilizaci{\'o}n en diferentes sistemas de cultivos agr{\'\i}colas en el sur de la habana.},
  author = {L{\'o}pez Seijas, Teresa and Gonz{\'a}lez Robaina, Felicita and Chaterlan Durruty, Yo{\'\i}ma and Cid Lazo, Greco and Due{\~n}as, Graciela and Casanova, Antonio},
  year   = {2014}
}

@article{suarez2011modelacion,
  title   = {Modelaci{\'o}n matem{\'a}tica del di{\'a}metro medio y la altura media de Pinus caribaea Morelet var. caribaea Barret y Golfari en la Empresa Forestal Integral La Palma},
  author  = {Su{\'a}rez, JT and Bravo, JA and Montalvo, JM and Valle, M and Vald{\'e}s, R},
  journal = {Revista Forestal Baracoa},
  volume  = {30},
  number  = {1},
  pages   = {13--9},
  year    = {2011}
}
@article{sarria2013modelacion,
  title     = {Modelaci{\'o}n matem{\'a}tica del volumen por hect{\'a}rea de Pinus Caribaea Morelet var. Caribaea Barret y Golfari en la unidad silv{\'\i}cola “Los Jazmines”, Vi{\~n}ales},
  author    = {Sarria, Juana Teresa Su{\'a}rez and Iglesias, Jos{\'e} Antonio Bravo and Hern{\'a}ndez, Yosniel Pe{\~n}a and Guerrero, Juan Miguel Montalvo and L{\'o}pez, Manuel Valle and Roja, Roberto Vald{\'e}s},
  journal   = {Revista Cubana de Ciencias Forestales: CFORES},
  volume    = {1},
  number    = {2},
  pages     = {7},
  year      = {2013},
  publisher = {Tipograf{\'\i}a de Comas Hermanos}
}

@article{del1998analisis,
  title     = {An{\'a}lisis del crecimiento del pasto estrella (C. nlemfuensis) bajo condiciones de corte y pastoreo.},
  author    = {Del Pozo, PP del and Herrera, RS},
  year      = {1998},
  publisher = {Instituto Nacional de Ciencias Agr{\'\i}colas}
}

@article{torres1999empleo,
  title   = {Empleo de la modelaci{\'o}n matem{\'a}tica en el estudio del pasto C. nlemfuensis},
  author  = {Torres, V and Lazo, J and Ru{\'\i}z, TE and Noda, A},
  journal = {Rev. Cubana de Cienc. Agr{\'\i}c},
  volume  = {33},
  number  = {4},
  pages   = {363--70},
  year    = {1999}
}

@article{rodriguez2020modelacion,
  title   = {Modelaci{\'o}n y simulaci{\'o}n del rendimiento del pasto estrella (C. nlemfuensis) bajo diferentes condiciones de manejo y escenarios clim{\'a}ticos},
  author  = {Rodr{\'\i}guez, Jorge L{\'a}zaro L{\'o}pez and Vicet, Rub{\'e}n Larduet},
  journal = {AlfaPublicaciones},
  volume  = {2},
  number  = {3},
  pages   = {21--42},
  year    = {2020}
}

@article{robaina2013crop,
  title   = {Crop water production functions for 14 crops in south of Havana conditions},
  author  = {Robaina, Felicita Gonz{\'a}lez},
  journal = {Revista Ciencias T{\'e}cnicas Agropecuarias},
  volume  = {22},
  number  = {3},
  pages   = {5--11},
  year    = {2013}
}

@article{diaz2007evaluacion,
  title   = {Evaluaci{\'o}n agron{\'o}mica de nuevas variedades Pennisetum purpureum en condiciones de sequ{\'\i}a el Valle del Cauto},
  author  = {D{\'\i}az, Dalibia},
  journal = {Universidad de Matanzas “Ca ilo Cien ue os” Estaci{\'o}n experi ental de pastos y orrajes “indio hatuey” cuba},
  pages   = {16},
  year    = {2007}
}

@article{noda2013modelacion,
  title     = {Modelaci{\'o}n de la din{\'a}mica de acumulaci{\'o}n de biomasa en Pennisetum purpureum vc. king grass en el occidente de Cuba},
  author    = {Noda, Aida C and Larduet, R and Medina, Yolaine and Rodr{\'\i}guez, Lourdes and Torres, Verena and Mart{\'\i}nez, RO and Herrera, Magaly},
  journal   = {Revista Cubana de Ciencia Agr{\'\i}cola},
  volume    = {47},
  number    = {2},
  pages     = {119--124},
  year      = {2013},
  publisher = {Instituto de Ciencia Animal}
}

@article{ramirez2012rendimiento,
  title     = {Rendimiento y calidad de la Brachiaria decumbens en suelo fluvisol del Valle del Cauto, Cuba},
  author    = {Ram{\'\i}rez, JL and Herrera, RS and Leonard, I and Verdecia, D and {\'A}lvarez, Y},
  journal   = {REDVET. Revista Electr{\'o}nica de Veterinaria},
  volume    = {13},
  number    = {4},
  pages     = {1--11},
  year      = {2012},
  publisher = {Veterinaria Organizaci{\'o}n}
}

@article{torres2012utilizacion,
  title     = {Utilizaci{\'o}n de la modelaci{\'o}n para estudiar el crecimiento de Tithonia diversifolia colecta 10},
  author    = {Torres, Verena and Gonz{\'a}lez, J and Ruiz, TE and D{\'\i}az, H and Febles, G and Sarduy, Luc{\'\i}a},
  journal   = {Revista Cubana de Ciencia Agr{\'\i}cola},
  volume    = {46},
  number    = {3},
  pages     = {237--242},
  year      = {2012},
  publisher = {Instituto de Ciencia Animal}
}

@article{salvagiotti2003analisis,
  title   = {An{\'a}lisis de la respuesta a la fertilizaci{\'o}n nitrogenada utilizando el modelo CERES Wheat en diferentes condiciones ambientales de la regi{\'o}n pampeana norte},
  author  = {Salvagiotti, Fernando and Castellarin, J and Pedrol, H},
  journal = {Para mejorar la producci{\'o}n},
  number  = {26},
  year    = {2003}
}